@unpublished{core,
  title = {{CORE: a COmplex event Recognition Engine}},
  author = {Bucchi, M. and Grez, A. and Quintana, A. and Riveros, A. and Vansummeren, S.},
  year = {2021},
  note = {Unpublished paper},
}
@InProceedings{grez_et_al:LIPIcs:2019:10307,
  author =	{Alejandro Grez and Cristian Riveros and Mart{\'i}n Ugarte},
  title =	{{A Formal Framework for Complex Event Processing}},
  booktitle =	{22nd International Conference on Database Theory (ICDT 2019)},
  pages =	{5:1--5:18},
  series =	{Leibniz International Proceedings in Informatics (LIPIcs)},
  ISBN =	{978-3-95977-101-6},
  ISSN =	{1868-8969},
  year =	{2019},
  volume =	{127},
  editor =	{Pablo Barcelo and Marco Calautti},
  publisher =	{Schloss Dagstuhl--Leibniz-Zentrum fuer Informatik},
  address =	{Dagstuhl, Germany},
  URL =		{http://drops.dagstuhl.de/opus/volltexte/2019/10307},
  doi =		{10.4230/LIPIcs.ICDT.2019.5},
  annote =	{Keywords: Complex event processing, streaming evaluation, constant delay enumeration}
}
